% ------------------------------------------------------------------------
% SAMPLE BIBLIOGRAPHY FILE
% ------------------------------------------------------------------------
@article{miller2013motivational,
  title={Motivational interviewing: Helping people change. 3},
  author={Miller, William R and Rollnick, Stephen},
  journal={New York: Guilford publications},
  year={2013}
}

@article{miller2009toward,
  title={Toward a theory of motivational interviewing.},
  author={Miller, William R and Rose, Gary S},
  journal={American psychologist},
  volume={64},
  number={6},
  pages={527},
  year={2009},
  publisher={American Psychological Association}
}

@article{apodaca2009mechanisms,
  title={Mechanisms of change in motivational interviewing: a review and preliminary evaluation of the evidence},
  author={Apodaca, Timothy R and Longabaugh, Richard},
  journal={Addiction},
  volume={104},
  number={5},
  pages={705--715},
  year={2009},
  publisher={Wiley Online Library}
}

@article{walker2011influence,
  title={The influence of client behavior during motivational interviewing on marijuana treatment outcome},
  author={Walker, Denise and Stephens, Robert and Rowland, Jared and Roffman, Roger},
  journal={Addictive Behaviors},
  volume={36},
  number={6},
  pages={669--673},
  year={2011},
  publisher={Elsevier}
}

@article{magill2014technical,
  title={The technical hypothesis of motivational interviewing: A meta-analysis of MI’s key causal model.},
  author={Magill, Molly and Gaume, Jacques and Apodaca, Timothy R and Walthers, Justin and Mastroleo, Nadine R and Borsari, Brian and Longabaugh, Richard},
  journal={Journal of consulting and clinical psychology},
  volume={82},
  number={6},
  pages={973},
  year={2014},
  publisher={American Psychological Association}
}

@book{bakeman1997observing,
  title={Observing interaction: An introduction to sequential analysis},
  author={Bakeman, Roger and Gottman, John M},
  year={1997},
  publisher={Cambridge university press}
}

@book{bakeman2011sequential,
  title={Sequential analysis and observational methods for the behavioral sciences},
  author={Bakeman, Roger and Quera, Vicen{\c{c}}},
  year={2011},
  publisher={Cambridge University Press}
}

@article{moyers2006therapist,
  title={Therapist influence on client language during motivational interviewing sessions},
  author={Moyers, Theresa B and Martin, Tim},
  journal={Journal of substance abuse treatment},
  volume={30},
  number={3},
  pages={245--251},
  year={2006},
  publisher={Elsevier}
}

@article{moyers2009session,
  title={From in-session behaviors to drinking outcomes: a causal chain for motivational interviewing.},
  author={Moyers, Theresa B and Martin, Tim and Houck, Jon M and Christopher, Paulette J and Tonigan, J Scott},
  journal={Journal of consulting and clinical psychology},
  volume={77},
  number={6},
  pages={1113},
  year={2009},
  publisher={American Psychological Association}
}

@article{gaume2008counsellor,
  title={Counsellor behaviours and patient language during brief motivational interventions: A sequential analysis of speech},
  author={Gaume, Jacques and Gmel, Gerhard and Faouzi, Mohamed and Daeppen, Jean-Bernard},
  journal={Addiction},
  volume={103},
  number={11},
  pages={1793--1800},
  year={2008},
  publisher={Wiley Online Library}
}

@article{gaume2010counselor,
  title={Counselor motivational interviewing skills and young adult change talk articulation during brief motivational interventions},
  author={Gaume, Jacques and Bertholet, Nicolas and Faouzi, Mohamed and Gmel, Gerhard and Daeppen, Jean-Bernard},
  journal={Journal of substance abuse treatment},
  volume={39},
  number={3},
  pages={272--281},
  year={2010},
  publisher={Elsevier}
}

@article{glynn2014change,
  title={Are Change Talk And Sustain Talk “contagious” In Groups? Sequential Probabilities And Safer-sex Outcomes In Alcohol-And Marijuana-using Adolescents},
  author={Glynn, LH and Houck, JM and Moyers, TB and Bryan, AD and Montanaro, E},
  journal={Alcoholism: Clinical \& Experimental Research},
  volume={38},
  pages={328A},
  year={2014}
}

@article{carcone2013provider,
  title={Provider communication behaviors that predict motivation to change in black adolescents with obesity},
  author={Carcone, April Idalski and Naar-King, Sylvie and Brogan, Kathryn and Albrecht, Terrance and Barton, Ellen and Foster, Tanina and Martin, Tim and Marshall, Sharon},
  journal={Journal of developmental and behavioral pediatrics: JDBP},
  volume={34},
  number={8},
  pages={599},
  year={2013},
  publisher={NIH Public Access}
}

@article{jacques2016building,
  title={Building motivation in African American caregivers of adolescents with obesity: application of sequential analysis},
  author={Jacques-Tiura, Angela J and Carcone, April Idalski and Naar, Sylvie and Brogan Hartlieb, Kathryn and Albrecht, Terrance L and Barton, Ellen},
  journal={Journal of pediatric psychology},
  volume={42},
  number={2},
  pages={131--141},
  year={2016},
  publisher={Oxford University Press}
}

@article{catley2006adherence,
  title={Adherence to principles of motivational interviewing and client within-session behavior},
  author={Catley, Delwyn and Harris, Kari Jo and Mayo, Matthew S and Hall, Sandra and Okuyemi, Kolawole S and Boardman, Thuy and Ahluwalia, Jasjit S},
  journal={Behavioural and Cognitive Psychotherapy},
  volume={34},
  number={1},
  pages={43--56},
  year={2006},
  publisher={Cambridge University Press}
}

@article{thrasher2006motivational,
  title={Motivational interviewing to support antiretroviral therapy adherence: The role of quality counseling},
  author={Thrasher, Angela D and Golin, Carol E and Earp, Jo Anne L and Tien, Hsiao and Porter, Carol and Howie, Lynn},
  journal={Patient Education and Counseling},
  volume={62},
  number={1},
  pages={64--71},
  year={2006},
  publisher={Elsevier}
}

@article{mccambridge2011fidelity,
  title={Fidelity to motivational interviewing and subsequent cannabis cessation among adolescents},
  author={McCambridge, Jim and Day, Maria and Thomas, Bonnita A and Strang, John},
  journal={Addictive behaviors},
  volume={36},
  number={7},
  pages={749--754},
  year={2011},
  publisher={Elsevier}
}

@inproceedings{kotov2014towards,
  title={Towards Automatic Coding of Interview Transcripts for Public Health Research},
  author={Kotov, Alexander and Idalski Carcone, A and Dong, Ming and others},
  booktitle={Proceedings of the Big Data Analytic Technology For Bioinformatics and Heath Informatics Workshop (KDD-BHI) in conjunction with ACM SIGKDD Conference on Knowledge Discovery and Data Mining. New York, NY},
  year={2014}
}

@article{gaut2017content,
  title={Content coding of psychotherapy transcripts using labeled topic models},
  author={Gaut, Garren and Steyvers, Mark and Imel, Zac E and Atkins, David C and Smyth, Padhraic},
  journal={IEEE journal of biomedical and health informatics},
  volume={21},
  number={2},
  pages={476--487},
  year={2017},
  publisher={IEEE}
}

@article{imel2015computational,
  title={Computational psychotherapy research: Scaling up the evaluation of patient--provider interactions.},
  author={Imel, Zac E and Steyvers, Mark and Atkins, David C},
  journal={Psychotherapy},
  volume={52},
  number={1},
  pages={19},
  year={2015},
  publisher={Educational Publishing Foundation}
}

@inproceedings{kotov2015interpretable,
  title={Interpretable probabilistic latent variable models for automatic annotation of clinical text},
  author={Kotov, Alexander and Hasan, Mehedi and Carcone, April and Dong, Ming and Naar-King, Sylvie and BroganHartlieb, Kathryn},
  booktitle={AMIA Annual Symposium Proceedings},
  volume={2015},
  pages={785},
  year={2015},
  organization={American Medical Informatics Association}
}

@article{atkins2014scaling,
  title={Scaling up the evaluation of psychotherapy: evaluating motivational interviewing fidelity via statistical text classification},
  author={Atkins, David C and Steyvers, Mark and Imel, Zac E and Smyth, Padhraic},
  journal={Implementation Science},
  volume={9},
  number={1},
  pages={49},
  year={2014},
  publisher={BioMed Central}
}

@article{hasan2016study,
  title={A study of the effectiveness of machine learning methods for classification of clinical interview fragments into a large number of categories},
  author={Hasan, Mehedi and Kotov, Alexander and Carcone, April Idalski and Dong, Ming and Naar, Sylvie and Hartlieb, Kathryn Brogan},
  journal={Journal of biomedical informatics},
  volume={62},
  pages={21--31},
  year={2016},
  publisher={Elsevier}
}

@article{can2016sounds,
  title={“It sounds like...”: A natural language processing approach to detecting counselor reflections in motivational interviewing.},
  author={Can, Do{\u{g}}an and Mar{\'\i}n, Rebeca A and Georgiou, Panayiotis G and Imel, Zac E and Atkins, David C and Narayanan, Shrikanth S},
  journal={Journal of counseling psychology},
  volume={63},
  number={3},
  pages={343},
  year={2016},
  publisher={US: American Psychological Association}
}

@inproceedings{perez2017predicting,
  title={Predicting Counselor Behaviors in Motivational Interviewing Encounters},
  author={P{\'e}rez-Rosas, Ver{\'o}nica and Mihalcea, Rada and Resnicow, Kenneth and Singh, Satinder and Ann, Lawrence and Goggin, Kathy J and Catley, Delwyn},
  booktitle={Proceedings of the 15th Conference of the European Chapter of the Association for Computational Linguistics: Volume 1, Long Papers},
  volume={1},
  pages={1128--1137},
  year={2017}
}

@inproceedings{perez2017understanding,
  title={Understanding and Predicting Empathic Behavior in Counseling Therapy},
  author={P{\'e}rez-Rosas, Ver{\'o}nica and Mihalcea, Rada and Resnicow, Kenneth and Singh, Satinder and An, Lawrence},
  booktitle={Proceedings of the 55th Annual Meeting of the Association for Computational Linguistics (Volume 1: Long Papers)},
  volume={1},
  pages={1426--1435},
  year={2017}
}

@inproceedings{tanana2015recursive,
  title={Recursive neural networks for coding therapist and patient behavior in motivational interviewing},
  author={Tanana, Michael and Hallgren, Kevin and Imel, Zac and Atkins, David and Smyth, Padhraic and Srikumar, Vivek},
  booktitle={Proceedings of the 2nd Workshop on Computational Linguistics and Clinical Psychology: From Linguistic Signal to Clinical Reality},
  pages={71--79},
  year={2015}
}

@article{tanana2016comparison,
  title={A comparison of natural language processing methods for automated coding of motivational interviewing},
  author={Tanana, Michael and Hallgren, Kevin A and Imel, Zac E and Atkins, David C and Srikumar, Vivek},
  journal={Journal of substance abuse treatment},
  volume={65},
  pages={43--50},
  year={2016},
  publisher={Elsevier}
}

@inproceedings{hasan2018predicting,
  title={Predicting the Outcome of Patient-Provider Communication Sequences using Recurrent Neural Networks and Probabilistic Models},
  author={Hasan, Mehedi and Kotov, Alexander and Carcone, April Idalski and Dong, Ming and Naar, Sylvie},
  booktitle={AMIA Summit on Clinical Research Informatics Proceedings},
  pages={64--73},
  year={2018},
  organization={American Medical Informatics Association}
}

@article{rabiner1989tutorial,
  title={A tutorial on hidden Markov models and selected applications in speech recognition},
  author={Rabiner, Lawrence R},
  journal={Proceedings of the IEEE},
  volume={77},
  number={2},
  pages={257--286},
  year={1989},
  publisher={Ieee}
}

@article{uuguz2007biomedical,
  title={A biomedical system based on hidden Markov model for diagnosis of the heart valve diseases},
  author={U{\u{g}}uz, Harun and Arslan, Ahmet and T{\"u}rko{\u{g}}lu, {\.I}brahim},
  journal={Pattern Recognition Letters},
  volume={28},
  number={4},
  pages={395--404},
  year={2007},
  publisher={Elsevier}
}

@article{amrhein2003client,
  title={Client commitment language during motivational interviewing predicts drug use outcomes.},
  author={Amrhein, Paul C and Miller, William R and Yahne, Carolina E and Palmer, Michael and Fulcher, Laura},
  journal={Journal of consulting and clinical psychology},
  volume={71},
  number={5},
  pages={862},
  year={2003},
  publisher={American Psychological Association}
}

@article{baldi1994hidden,
  title={Hidden Markov models of biological primary sequence information.},
  author={Baldi, Pierre and Chauvin, Yves and Hunkapiller, Tim and McClure, Marcella A},
  journal={Proceedings of the National Academy of Sciences},
  volume={91},
  number={3},
  pages={1059--1063},
  year={1994},
  publisher={National Acad Sciences}
}

@book{aggarwal2014frequent,
  title={Frequent pattern mining},
  author={Aggarwal, Charu C and Han, Jiawei},
  year={2014},
  publisher={Springer}
}


@inproceedings{agrawal1994fast,
  title={Fast algorithms for mining association rules},
  author={Agrawal, Rakesh and Srikant, Ramakrishnan and others},
  booktitle={Proc. 20th int. conf. very large data bases, VLDB},
  volume={1215},
  pages={487--499},
  year={1994}
}

@inproceedings{abdullah2008analysis,
  title={Analysis of effectiveness of apriori algorithm in medical billing data mining},
  author={Abdullah, Umair and Ahmad, Jamil and Ahmed, Aftab},
  booktitle={Emerging Technologies, 2008. ICET 2008. 4th International Conference on},
  pages={327--331},
  year={2008},
  organization={IEEE}
}

@inproceedings{olukunle2002fast,
  title={A fast algorithm for mining association rules in medical image data},
  author={Olukunle, Adepele and Ehikioya, Sylvanus},
  booktitle={Electrical and Computer Engineering, 2002. IEEE CCECE 2002. Canadian Conference on},
  volume={2},
  pages={1181--1187},
  year={2002},
  organization={IEEE}
}

@inproceedings{bethel2006mining,
  title={Mining for implications in medical data},
  author={Bethel, Cindy L and Hall, Lawrence O and Goldgof, Dmitry},
  booktitle={Pattern Recognition, 2006. ICPR 2006. 18th International Conference on},
  volume={1},
  pages={1212--1215},
  year={2006},
  organization={IEEE}
}

@article{wright2015use,
  title={The use of sequential pattern mining to predict next prescribed medications},
  author={Wright, Aileen P and Wright, Adam T and McCoy, Allison B and Sittig, Dean F},
  journal={Journal of biomedical informatics},
  volume={53},
  pages={73--80},
  year={2015},
  publisher={Elsevier}
}

@article{deshpande2005frequent,
  title={Frequent substructure-based approaches for classifying chemical compounds},
  author={Deshpande, Mukund and Kuramochi, Michihiro and Wale, Nikil and Karypis, George},
  journal={IEEE Transactions on Knowledge and Data Engineering},
  volume={17},
  number={8},
  pages={1036--1050},
  year={2005},
  publisher={IEEE}
}

@book{leach2007introduction,
  title={An introduction to chemoinformatics},
  author={Leach, Andrew R and Gillet, Valerie J},
  year={2007},
  publisher={Springer Science \& Business Media}
}

@article{zhang2008discovering,
  title={Discovering frequent agreement subtrees from phylogenetic data},
  author={Zhang, Sen and Wang, Jason TL},
  journal={IEEE Transactions on Knowledge and Data Engineering},
  volume={20},
  number={1},
  pages={68--82},
  year={2008},
  publisher={IEEE}
}

@article{srivastava2000web,
  title={Web usage mining: Discovery and applications of usage patterns from web data},
  author={Srivastava, Jaideep and Cooley, Robert and Deshpande, Mukund and Tan, Pang-Ning},
  journal={Acm Sigkdd Explorations Newsletter},
  volume={1},
  number={2},
  pages={12--23},
  year={2000},
  publisher={ACM}
}

@inproceedings{aggarwal2015outlier,
  title={Outlier analysis},
  author={Aggarwal, Charu C},
  booktitle={Data mining},
  pages={237--263},
  year={2015},
  organization={Springer}
}

@inproceedings{pasquier1999discovering,
  title={Discovering frequent closed itemsets for association rules},
  author={Pasquier, Nicolas and Bastide, Yves and Taouil, Rafik and Lakhal, Lotfi},
  booktitle={International Conference on Database Theory},
  pages={398--416},
  year={1999},
  organization={Springer}
}

@article{grahne2005fast,
  title={Fast algorithms for frequent itemset mining using fp-trees},
  author={Grahne, G{\"o}sta and Zhu, Jianfei},
  journal={IEEE transactions on knowledge and data engineering},
  volume={17},
  number={10},
  pages={1347--1362},
  year={2005},
  publisher={IEEE}
}

@article{bertholet2010change,
  title={Change talk sequence during brief motivational intervention, towards or away from drinking},
  author={Bertholet, Nicolas and Faouzi, Mohamed and Gmel, Gerhard and Gaume, Jacques and Daeppen, Jean-Bernard},
  journal={Addiction},
  volume={105},
  number={12},
  pages={2106--2112},
  year={2010},
  publisher={Wiley Online Library}
}

@article{martin2005motivational,
  title={Motivational interviewing sequential code for observing process exchanges (MI-SCOPE) coder's manual},
  author={Martin, Tim and Moyers, Theresa B and Houck, JM and Christopher, PJ and Miller, William R},
  journal={Retrieved March},
  volume={16},
  pages={2009},
  year={2005}
}

@article{moyers2005assessing,
  title={Assessing competence in the use of motivational interviewing},
  author={Moyers, Theresa B and Martin, Tim and Manuel, Jennifer K and Hendrickson, Stacey ML and Miller, William R},
  journal={Journal of substance abuse treatment},
  volume={28},
  number={1},
  pages={19--26},
  year={2005},
  publisher={Elsevier}
}

@article{apodaca2007motivational,
  title={Motivational Interviewing with Significant Others (MISO) Coding Manual},
  author={Apodaca, Timothy and Manuel, Jennifer Knapp and Moyers, TB and Amrhein, Paul},
  journal={Unpublished manuscript},
  year={2007}
}

@article{amrhein2004does,
  title={How does motivational interviewing work? What client talk reveals},
  author={Amrhein, Paul C},
  journal={Journal of Cognitive Psychotherapy},
  volume={18},
  number={4},
  pages={323--336},
  year={2004},
  publisher={Springer Publishing Company}
}

@article{fournier2014spmf,
  title={SPMF: a Java open-source pattern mining library},
  author={Fournier-Viger, Philippe and Gomariz, Antonio and Gueniche, Ted and Soltani, Azadeh and Wu, Cheng-Wei and Tseng, Vincent S},
  journal={The Journal of Machine Learning Research},
  volume={15},
  number={1},
  pages={3389--3393},
  year={2014},
  publisher={JMLR. org}
}

@inproceedings{fournier2016spmf,
  title={The SPMF open-source data mining library version 2},
  author={Fournier-Viger, Philippe and Lin, Jerry Chun-Wei and Gomariz, Antonio and Gueniche, Ted and Soltani, Azadeh and Deng, Zhihong and Lam, Hoang Thanh},
  booktitle={Joint European conference on machine learning and knowledge discovery in databases},
  pages={36--40},
  year={2016},
  organization={Springer}
}


@inproceedings{han2000mining,
  title={Mining frequent patterns without candidate generation},
  author={Han, Jiawei and Pei, Jian and Yin, Yiwen},
  booktitle={ACM sigmod record},
  volume={29},
  number={2},
  pages={1--12},
  year={2000},
  organization={ACM}
}


@article{moradi2017quantifying,
  title={Quantifying the informativeness for biomedical literature summarization: An itemset mining method},
  author={Moradi, Milad and Ghadiri, Nasser},
  journal={Computer methods and programs in biomedicine},
  volume={146},
  pages={77--89},
  year={2017},
  publisher={Elsevier}
}

@inproceedings{liu1999mining,
  title={Mining association rules with multiple minimum supports},
  author={Liu, Bing and Hsu, Wynne and Ma, Yiming},
  booktitle={Proceedings of the fifth ACM SIGKDD international conference on Knowledge discovery and data mining},
  pages={337--341},
  year={1999},
  organization={ACM}
}

@book{douaihy2015motivational,
  title={Motivational interviewing: A guide for medical trainees},
  author={Douaihy, Antoine and Kelly, Thomas M and Gold, Melanie A},
  year={2015},
  publisher={Oxford University Press, USA}
}


@article{carcone2018using,
  title={Using Natural Language Processing to Understand the Antecedents of Behavior Change},
  author={Carcone, April Idalski and Kotov, Alexander and Hasan, Mehedi and Dong, Ming and Eggly, S. and Hartlieb, K.E.B. and Alexander, G. and Lu, M. and Naar, Sylvie},
  journal={Annals Of Behavioral Medicine},
  volume={52},
  year={2018}
}







% ------------------------------------------------------------------------
