% ------------------------------------------------------------------------
% SAMPLE BIBLIOGRAPHY FILE
% ------------------------------------------------------------------------

@article{chuzhanova1998feature,
  title={Feature selection for genetic sequence classification.},
  author={Chuzhanova, Nadia A. and Jones, Antonia J. and Margetts, Steve},
  journal={Bioinformatics},
  volume={14},
  number={2},
  pages={139--143},
  year={1998},
  publisher={Oxford Univ Press}
}

@inproceedings{kudenko1998feature,
  title={Feature generation for sequence categorization},
  author={Kudenko, Daniel and Hirsh, Haym},
  booktitle={AAAI/IAAI},
  pages={733--738},
  year={1998}
}

@inproceedings{lesh1999mining,
  title={Mining features for sequence classification},
  author={Lesh, Neal and Zaki, Mohammed J and Ogihara, Mitsunori},
  booktitle={Proceedings of the fifth ACM SIGKDD international conference on Knowledge discovery and data mining},
  pages={342--346},
  year={1999},
  organization={ACM}
}

@article{leslie2004fast,
  title={Fast string kernels using inexact matching for protein sequences},
  author={Leslie, Christina and Kuang, Rui},
  journal={Journal of Machine Learning Research},
  volume={5},
  number={Nov},
  pages={1435--1455},
  year={2004}
}

@inproceedings{ye2009time,
  title={Time series shapelets: a new primitive for data mining},
  author={Ye, Lexiang and Keogh, Eamonn},
  booktitle={Proceedings of the 15th ACM SIGKDD international conference on Knowledge discovery and data mining},
  pages={947--956},
  year={2009},
  organization={ACM}
}

@article{keogh2003need,
  title={On the need for time series data mining benchmarks: a survey and empirical demonstration},
  author={Keogh, Eamonn and Kasetty, Shruti},
  journal={Data Mining and knowledge discovery},
  volume={7},
  number={4},
  pages={349--371},
  year={2003},
  publisher={Springer}
}

@inproceedings{keogh2000scaling,
  title={Scaling up dynamic time warping for datamining applications},
  author={Keogh, Eamonn J and Pazzani, Michael J},
  booktitle={Proceedings of the sixth ACM SIGKDD international conference on Knowledge discovery and data mining},
  pages={285--289},
  year={2000},
  organization={ACM}
}

@article{rabiner1989tutorial,
  title={A tutorial on hidden Markov models and selected applications in speech recognition},
  author={Rabiner, Lawrence R},
  journal={Proceedings of the IEEE},
  volume={77},
  number={2},
  pages={257--286},
  year={1989},
  publisher={Ieee}
}
@inproceedings{deshpande2002evaluation,
  title={Evaluation of techniques for classifying biological sequences},
  author={Deshpande, Mukund and Karypis, George},
  booktitle={Pacific-Asia Conference on Knowledge Discovery and Data Mining},
  pages={417--431},
  year={2002},
  organization={Springer}
}
@inproceedings{wei2006semi,
  title={Semi-supervised time series classification},
  author={Wei, Li and Keogh, Eamonn},
  booktitle={Proceedings of the 12th ACM SIGKDD international conference on Knowledge discovery and data mining},
  pages={748--753},
  year={2006},
  organization={ACM}
}
@article{sebastiani2002machine,
  title={Machine learning in automated text categorization},
  author={Sebastiani, Fabrizio},
  journal={ACM computing surveys (CSUR)},
  volume={34},
  number={1},
  pages={1--47},
  year={2002},
  publisher={ACM}
}

@article{lane1999temporal,
  title={Temporal sequence learning and data reduction for anomaly detection},
  author={Lane, Terran and Brodley, Carla E},
  journal={ACM Transactions on Information and System Security (TISSEC)},
  volume={2},
  number={3},
  pages={295--331},
  year={1999},
  publisher={ACM}
}

@article{drew2017polymorphic,
  title={Polymorphic malware detection using sequence classification methods and ensembles},
  author={Drew, Jake and Hahsler, Michael and Moore, Tyler},
  journal={EURASIP Journal on Information Security},
  volume={2017},
  number={1},
  pages={2},
  year={2017},
  publisher={Springer}
}

@inproceedings{liu2008sequence,
  title={Sequence matching for suspicious activity detection in anti-money laundering},
  author={Liu, Xuan and Zhang, Pengzhu and Zeng, Dajun},
  booktitle={International Conference on Intelligence and Security Informatics},
  pages={50--61},
  year={2008},
  organization={Springer}
}

@article{nallam2016effective,
  title={An Effective Implementation of Hierarchical Approach For Sequence Classification},
  author={Nallam, Krishnaiah and others},
  journal={IJACTA},
  volume={3},
  number={2},
  pages={143--146},
  year={2016}
}

@inproceedings{duskin2009distinguishing,
  title={Distinguishing humans from robots in web search logs: preliminary results using query rates and intervals},
  author={Duskin, Omer and Feitelson, Dror G},
  booktitle={Proceedings of the 2009 workshop on Web Search Click Data},
  pages={15--19},
  year={2009},
  organization={ACM}
}

@incollection{tan2004discovery,
  title={Discovery of web robot sessions based on their navigational patterns},
  author={Tan, Pang-Ning and Kumar, Vipin},
  booktitle={Intelligent Technologies for Information Analysis},
  pages={193--222},
  year={2004},
  publisher={Springer}
}

@article{li2000image,
  title={Image classification by a two-dimensional hidden Markov model},
  author={Li, Jia and Najmi, Amir and Gray, Robert M},
  journal={IEEE transactions on signal processing},
  volume={48},
  number={2},
  pages={517--533},
  year={2000},
  publisher={IEEE}
}

@article{zhang2016tensor,
  title={A Tensor-Driven Temporal Correlation Model for Video Sequence Classification},
  author={Zhang, Jing and Xu, Chuanzhong and Jing, Peiguang and Zhang, Chengqian and Su, Yuting},
  journal={IEEE Signal Processing Letters},
  volume={23},
  number={9},
  pages={1246--1249},
  year={2016},
  publisher={IEEE}
}

@article{hasan2016study,
  title={A study of the effectiveness of machine learning methods for classification of clinical interview fragments into a large number of categories},
  author={Hasan, Mehedi and Kotov, Alexander and Carcone, April Idalski and Dong, Ming and Naar, Sylvie and Hartlieb, Kathryn Brogan},
  journal={Journal of biomedical informatics},
  volume={62},
  pages={21--31},
  year={2016},
  publisher={Elsevier}
}

@inproceedings{kotov2015interpretable,
  title={Interpretable probabilistic latent variable models for automatic annotation of clinical text},
  author={Kotov, Alexander and Hasan, Mehedi and Carcone, April and Dong, Ming and Naar-King, Sylvie and BroganHartlieb, Kathryn},
  booktitle={AMIA Annual Symposium Proceedings},
  volume={2015},
  pages={785},
  year={2015},
  organization={American Medical Informatics Association}
}

@article{carcone2013provider,
  title={Provider communication behaviors that predict motivation to change in black adolescents with obesity},
  author={Carcone, April Idalski and Naar-King, Sylvie and Brogan, Kathryn and Albrecht, Terrance and Barton, Ellen and Foster, Tanina and Martin, Tim and Marshall, Sharon},
  journal={Journal of developmental and behavioral pediatrics: JDBP},
  volume={34},
  number={8},
  pages={599},
  year={2013},
  publisher={NIH Public Access}
}

@inproceedings{chai2001folk,
  title={Folk music classification using hidden Markov models},
  author={Chai, Wei and Vercoe, Barry},
  booktitle={Proceedings of International Conference on Artificial Intelligence},
  volume={6},
  number={6.4},
  year={2001},
  organization={sn}
}

@article{won2004training,
  title={Training HMM structure with genetic algorithm for biological sequence analysis},
  author={Won, Kyoung-Jae and Pr{\"u}gel-Bennett, Adam and Krogh, Anders},
  journal={Bioinformatics},
  volume={20},
  number={18},
  pages={3613--3619},
  year={2004},
  publisher={Oxford Univ Press}
}

@inproceedings{eickeler1998hidden,
  title={Hidden markov model based continuous online gesture recognition},
  author={Eickeler, Stefan and Kosmala, Andreas and Rigoll, Gerhard},
  booktitle={Pattern Recognition, 1998. Proceedings. Fourteenth International Conference on},
  volume={2},
  pages={1206--1208},
  year={1998},
  organization={IEEE}
}

@article{mutsam2016maximum,
  title={Maximum margin hidden Markov models for sequence classification},
  author={Mutsam, Nikolaus and Pernkopf, Franz},
  journal={Pattern Recognition Letters},
  volume={77},
  pages={14--20},
  year={2016},
  publisher={Elsevier}
}

@inproceedings{lukasik2016hawkes,
  title={Hawkes processes for continuous time sequence classification: an application to rumour stance classification in twitter},
  author={Lukasik, Michal and Srijith, PK and Vu, Duy and Bontcheva, Kalina and Zubiaga, Arkaitz and Cohn, Trevor},
  booktitle={Proceedings of 54th Annual Meeting of the Association for Computational Linguistics},
  pages={393--398},
  year={2016},
  organization={Association for Computational Linguistics}
}

@inproceedings{jaber2016multi,
  title={A Multi-Granularity Pattern-Based Sequence Classification Framework for Educational Data},
  author={Jaber, Mohammad and Wood, Peter T and Papapetrou, Panagiotis and Gonz{\'a}lez-Marcos, Ana},
  booktitle={Data Science and Advanced Analytics (DSAA), 2016 IEEE International Conference on},
  pages={370--378},
  year={2016},
  organization={IEEE}
}

@article{eide2004physician,
  title={Physician--patient dialogue surrounding patientsâ€™ expression of concern: applying sequence analysis to RIAS},
  author={Eide, Hilde and Quera, Vicen{\c{c}} and Graugaard, Peter and Finset, Arnstein},
  journal={Social Science \& Medicine},
  volume={59},
  number={1},
  pages={145--155},
  year={2004},
  publisher={Elsevier}
}

@article{altschul1990basic,
  title={Basic local alignment search tool},
  author={Altschul, Stephen F and Gish, Warren and Miller, Webb and Myers, Eugene W and Lipman, David J},
  journal={Journal of molecular biology},
  volume={215},
  number={3},
  pages={403--410},
  year={1990},
  publisher={Elsevier}
}

@inproceedings{drew2014strand,
  title={Strand: fast sequence comparison using mapreduce and locality sensitive hashing},
  author={Drew, Jake and Hahsler, Michael},
  booktitle={Proceedings of the 5th ACM Conference on Bioinformatics, Computational Biology, and Health Informatics},
  pages={506--513},
  year={2014},
  organization={ACM}
}

@article{ogden2012prevalence,
  title={Prevalence of obesity and trends in body mass index among US children and adolescents, 1999-2010},
  author={Ogden, Cynthia L and Carroll, Margaret D and Kit, Brian K and Flegal, Katherine M},
  journal={Jama},
  volume={307},
  number={5},
  pages={483--490},
  year={2012},
  publisher={American Medical Association}
}

@article{srivastava2007hmm,
  title={HMM-ModE--Improved classification using profile hidden Markov models by optimising the discrimination threshold and modifying emission probabilities with negative training sequences},
  author={Srivastava, Prashant K and Desai, Dhwani K and Nandi, Soumyadeep and Lynn, Andrew M},
  journal={BMC bioinformatics},
  volume={8},
  number={1},
  pages={104},
  year={2007},
  publisher={BioMed Central}
}

@inproceedings{yakhnenko2005discriminatively,
  title={Discriminatively trained markov model for sequence classification},
  author={Yakhnenko, Oksana and Silvescu, Adrian and Honavar, Vasant},
  booktitle={Data Mining, Fifth IEEE International Conference on},
  pages={8--pp},
  year={2005},
  organization={IEEE}
}

@article{general2010surgeon,
  title={Surgeon Generalâ€™s vision for a healthy and fit nation},
  author={General, US Surgeon},
  journal={Washington, DC: HHS},
  year={2010}
}

% ------------------------------------------------------------------------
