% ------------------------------------------------------------------------
% SAMPLE BIBLIOGRAPHY FILE
% ------------------------------------------------------------------------

@article{jha2009use,
  title={Use of electronic health records in US hospitals},
  author={Jha, Ashish K and DesRoches, Catherine M and Campbell, Eric G and Donelan, Karen and Rao, Sowmya R and Ferris, Timothy G and Shields, Alexandra and Rosenbaum, Sara and Blumenthal, David},
  journal={N Engl J Med},
  volume={360},
  number={16},
  pages={1628--1638},
  year={2009},
  publisher={Mass Medical Soc}
}

@article{blumenthal2010launching,
  title={Launching hitech},
  author={Blumenthal, David},
  journal={N Engl J Med},
  volume={362},
  number={5},
  pages={382--385},
  year={2010},
  publisher={Mass Medical Soc}
}

@article{erickstad2011use,
  title={Use of electronic medical records to identify patients at risk for prostate cancer in an academic institution},
  author={Erickstad, L and Reed, G and Bhat, D and Roehrborn, CG and Lotan, Y},
  journal={Prostate Cancer Prostatic Dis},
  volume={14},
  number={1},
  pages={85--89},
  year={2011},
  publisher={Nature Publishing Group}
}

@article{lau2011use,
  title={Use of electronic medical records (EMR) for oncology outcomes research: assessing the comparability of EMR information to patient registry and health claims data},
  author={Lau, Edmund C and Mowat, Fionna S and Kelsh, Michael A and Legg, Jason C and Engel-Nitz, Nicole M and Watson, Heather N and Collins, H and Nordyke, R and Whyte, J},
  journal={Clin Epidemiol},
  volume={3},
  number={1},
  pages={259--272},
  year={2011},
  publisher={Citeseer}
}

@article{stenner2012paste,
  title={PASTE: patient-centered SMS text tagging in a medication management system},
  author={Stenner, Shane P and Johnson, Kevin B and Denny, Joshua C},
  journal={J Am Med Inform Assoc},
  volume={19},
  number={3},
  pages={368--374},
  year={2012},
  publisher={The Oxford University Press}
}

@inproceedings{piwowar2008identifying,
  title={Identifying data sharing in biomedical literature.},
  author={Piwowar, Heather A and Chapman, Wendy Webber and Chapman, W},
  booktitle={AMIA},
  year={2008}
}

@article{denny2009identifying,
  title={Identifying QT prolongation from ECG impressions using a general-purpose Natural Language Processor},
  author={Denny, Joshua C and Miller, Randolph A and Waitman, Lemuel Russell and Arrieta, Mark A and Peterson, Joshua F},
  journal={Int J Med Inform},
  volume={78},
  pages={S34--S42},
  year={2009},
  publisher={Elsevier}
}

@article{mccart2012using,
  title={Using ensemble models to classify the sentiment expressed in suicide notes},
  author={McCart, James A and Finch, Dezon K and Jarman, Jay and Hickling, Edward and Lind, Jason D and Richardson, Matthew R and Berndt, Donald J and Luther, Stephen L},
  journal={Biomed Inform Insights},
  volume={5},
  number={Suppl. 1},
  pages={77},
  year={2012},
  publisher={Libertas Academica Ltd}
}

@article{xu2011facilitating,
  title={Facilitating pharmacogenetic studies using electronic health records and natural-language processing: a case study of warfarin},
  author={Xu, Hua and Jiang, Min and Oetjens, Matt and Bowton, Erica A and Ramirez, Andrea H and Jeff, Janina M and Basford, Melissa A and Pulley, Jill M and Cowan, James D and Wang, Xiaoming and others},
  journal={J Am Med Inform Assoc},
  volume={18},
  number={4},
  pages={387--391},
  year={2011},
  publisher={The Oxford University Press}
}

@inproceedings{matheny2009detection,
  title={Detection of blood culture bacterial contamination using natural language processing},
  author={Matheny, Michael E and FitzHenry, Fern and Speroff, Theodore and Hathaway, Jacob and Murff, Harvey J and Brown, Steven H and Fielstein, Elliot M and Dittus, Robert S and Elkin, Peter L},
  booktitle={AMIA Annu Symp Proc},
  volume={2009},
  pages={411},
  year={2009},
  organization={American Medical Informatics Association}
}

@article{zeng2006extracting,
  title={Extracting principal diagnosis, co-morbidity and smoking status for asthma research: evaluation of a natural language processing system},
  author={Zeng, Qing T and Goryachev, Sergey and Weiss, Scott and Sordo, Margarita and Murphy, Shawn N and Lazarus, Ross},
  journal={BMC Med Inform Decis Mak},
  volume={6},
  number={1},
  pages={30},
  year={2006},
  publisher={BioMed Central}
}

@article{huang2007novel,
  title={A novel hybrid approach to automated negation detection in clinical radiology reports},
  author={Huang, Yang and Lowe, Henry J},
  journal={J Am Med Inform Assoc},
  volume={14},
  number={3},
  pages={304--311},
  year={2007},
  publisher={The Oxford University Press}
}

@article{chapman2001simple,
  title={A simple algorithm for identifying negated findings and diseases in discharge summaries},
  author={Chapman, Wendy W and Bridewell, Will and Hanbury, Paul and Cooper, Gregory F and Buchanan, Bruce G},
  journal={J Biomed Inform},
  volume={34},
  number={5},
  pages={301--310},
  year={2001},
  publisher={Elsevier}
}

@article{harkema2009context,
  title={ConText: an algorithm for determining negation, experiencer, and temporal status from clinical reports},
  author={Harkema, Henk and Dowling, John N and Thornblade, Tyler and Chapman, Wendy W},
  journal={J Biomed Inform},
  volume={42},
  number={5},
  pages={839--851},
  year={2009},
  publisher={Elsevier}
}

@inproceedings{friedman2000broad,
  title={A broad-coverage natural language processing system.},
  author={Friedman, Carol},
  booktitle={Proceedings of the AMIA Symposium},
  pages={270},
  year={2000},
  organization={American Medical Informatics Association}
}

@inproceedings{christensen2002mplus,
  title={MPLUS: a probabilistic medical language understanding system},
  author={Christensen, Lee M and Haug, Peter J and Fiszman, Marcelo},
  booktitle={Proceedings of the ACL-02 workshop on Natural language processing in the biomedical domain-Volume 3},
  pages={29--36},
  year={2002},
  organization={Association for Computational Linguistics}
}

@article{hahn2002medsyndikate,
  title={MEDSYNDIKATEâ€”a natural language system for the extraction of medical information from findings reports},
  author={Hahn, Udo and Romacker, Martin and Schulz, Stefan},
  journal={Int J Med Inform},
  volume={67},
  number={1},
  pages={63--74},
  year={2002},
  publisher={Elsevier}
}

@article{savova2008mayo,
  title={Mayo clinic NLP system for patient smoking status identification},
  author={Savova, Guergana K and Ogren, Philip V and Duffy, Patrick H and Buntrock, James D and Chute, Christopher G},
  journal={J Am Med Inform Assoc},
  volume={15},
  number={1},
  pages={25--28},
  year={2008},
  publisher={The Oxford University Press}
}

@article{savova2010mayo,
  title={Mayo clinical Text Analysis and Knowledge Extraction System (cTAKES): architecture, component evaluation and applications},
  author={Savova, Guergana K and Masanz, James J and Ogren, Philip V and Zheng, Jiaping and Sohn, Sunghwan and Kipper-Schuler, Karin C and Chute, Christopher G},
  journal={J Am Med Inform Assoc},
  volume={17},
  number={5},
  pages={507--513},
  year={2010},
  publisher={The Oxford University Press}
}

@article{denny2009evaluation,
  title={Evaluation of a method to identify and categorize section headers in clinical documents},
  author={Denny, Joshua C and Spickard, Anderson and Johnson, Kevin B and Peterson, Neeraja B and Peterson, Josh F and Miller, Randolph A},
  journal={J Am Med Inform Assoc},
  volume={16},
  number={6},
  pages={806--815},
  year={2009},
  publisher={Elsevier}
}

@article{cohen2008five,
  title={Five-way smoking status classification using text hot-spot identification and error-correcting output codes},
  author={Cohen, Aaron M},
  journal={J Am Med Inform Assoc},
  volume={15},
  number={1},
  pages={32--35},
  year={2008},
  publisher={Elsevier}
}

@article{uzuner2008identifying,
  title={Identifying patient smoking status from medical discharge records},
  author={Uzuner, {\"O}zlem and Goldstein, Ira and Luo, Yuan and Kohane, Isaac},
  journal={J Am Med Inform Assoc},
  volume={15},
  number={1},
  pages={14--24},
  year={2008},
  publisher={Elsevier}
}

@article{enders2006primer,
  title={A primer on the use of modern missing-data methods in psychosomatic medicine research},
  author={Enders, Craig K},
  journal={Psychosomatic medicine},
  volume={68},
  number={3},
  pages={427--436},
  year={2006},
  publisher={LWW}
}

@article{dempster1977maximum,
  title={Maximum likelihood from incomplete data via the EM algorithm},
  author={Dempster, Arthur P and Laird, Nan M and Rubin, Donald B},
  journal={J R Stat Soc Series B Stat Methodol},
  pages={1--38},
  year={1977},
  publisher={JSTOR}
}

@article{rubin1976inference,
  title={Inference and missing data},
  author={Rubin, Donald B},
  journal={Biometrika},
  pages={581--592},
  year={1976},
  publisher={JSTOR}
}

@book{little2014statistical,
  title={Statistical analysis with missing data},
  author={Little, Roderick JA and Rubin, Donald B},
  year={2014},
  publisher={John Wiley \& Sons}
}

@misc{morton2005opennlp,
  title={Opennlp: A java-based nlp toolkit},
  author={Morton, Thomas and Kottmann, Joern and Baldridge, Jason and Bierner, Gann},
  year={2005}
}

% ------------------------------------------------------------------------
